<?xml version="1.0" encoding="UTF-8"?><collection xmlns="http://www.loc.gov/MARC21/slim"><record><leader>00436nam--2200133-i-4500</leader><controlfield tag="001">000010755</controlfield><controlfield tag="002">20161230</controlfield><controlfield tag="005">20161230201028</controlfield><controlfield tag="008">060222s1000------------r-----000-0-eng-d</controlfield><datafield ind1=" " ind2=" " tag="080"><subfield code="a">530.145(047.1):530.12(047.1)</subfield></datafield><datafield ind1=" " ind2=" " tag="100"><subfield code="a">Ciccariello, S.And Sartori, G</subfield></datafield><datafield ind1=" " ind2=" " tag="245"><subfield code="a">Covariance properties of fields under inversio n and finite conformal transformations</subfield></datafield><datafield ind1=" " ind2=" " tag="260"><subfield code="a">Padova, Instituto Di Fisica Dell Universita, 1973. 40 P</subfield></datafield><datafield ind1=" " ind2=" " tag="852"><subfield code="a">39402</subfield></datafield></record></collection>